@article{ref:mnih2013playing,
  title   = {Playing atari with deep reinforcement learning},
  author  = {Mnih, Volodymyr and Kavukcuoglu, Koray and Silver, David and Graves, Alex and Antonoglou, Ioannis and Wierstra, Daan and Riedmiller, Martin},
  journal = {arXiv preprint arXiv:1312.5602},
  year    = {2013}
}

@inproceedings{ref:yao2017integrated,
  title        = {An integrated IMU and UWB sensor based indoor positioning system},
  author       = {Yao, Leehter and Wu, Yeong-Wei Andy and Yao, Lei and Liao, Zhe Zheng},
  booktitle    = {2017 International Conference on Indoor Positioning and Indoor Navigation (IPIN)},
  pages        = {1--8},
  year         = {2017},
  organization = {IEEE}
}

@article{ref:ugarte1992curling,
  title     = {Curling and closure of graphitic networks under electron-beam irradiation},
  author    = {Ugarte, Daniel},
  journal   = {Nature},
  volume    = {359},
  number    = {6397},
  pages     = {707--709},
  year      = {1992},
  publisher = {Nature Publishing Group UK London}
}

@article{ref:nomura2022uwb,
  title   = {{UWB の測定距離と直接波の減衰度を利用したデバイスフリー複数人屋内測位}},
  author  = {野村篤史 and 須ヶ﨑聖人 and 坪内孝太 and 西尾信彦 and 下坂正倫 and others},
  journal = {研究報告ユビキタスコンピューティングシステム (UBI)},
  volume  = {2022},
  number  = {1},
  pages   = {1--8},
  year    = {2022}
}

@misc{ref:青空文庫Aozo22:online,
  author       = {},
  title        = {{青空文庫　Aozora Bunko}},
  howpublished = {\url{https://www.aozora.gr.jp/}},
  month        = {},
  year         = {},
  note         = {(Accessed on 02/06/2023)}
}

% Delete above

@book{alma990023383750204034,
author = {Mumford, David},
address = {New York},
isbn = {9780387210926},
keywords = {Algebraic varieties -- Classification theory ; Moduli theory ; Geometry Algebraic ; Classificatietheorie ; Algebraïsche variëteiten ; Modulraum ; Algebraische Varietät ; Aufsatzsammlung ; Bibliographie},
language = {eng},
lccn = {2004045274},
publisher = {Springer},
title = {Selected papers},
year = {2004 - 2010},
}

@book{alma990011263420204034,
author = {塩田, 徹治},
address = {東京},
language = {jpn},
publisher = {Graduate school of mathematical sciences},
series = {東京大学数理科学セミナリーノート ; 1},
title = {Mordell-Weil latticeの理論とその応用},
year = {1993},
}

@article{ref:naskrecki2013,
  author  = {Naskręcki, Bartosz},
  journal = {Acta Arithmetica},
  number  = {2},
  pages   = {159-183},
  title   = {Mordell-Weil ranks of families of elliptic curves associated to Pythagorean triples},
  volume  = {160},
  year    = {2013}
}


@book{alma990010361730204034,
author = {Silverman, Joseph H.},
address = {New York},
isbn = {0387943250},
keywords = {Curves Elliptic ; Curves Algebraic ; Arithmetic},
language = {eng},
publisher = {Springer},
series = {Graduate texts in mathematics ; 151},
title = {Advanced topics in the arithmetic of elliptic curves},
year = {1994},
}

